
@article{pudlak_incompleteness_2017,
	title = {Incompleteness in the finite domain},
	volume = {23},
	doi = {10.1017/bsl.2017.32},
	pages = {405--441},
	number = {4},
	journaltitle = {The Bulletin of Symbolic Logic},
	author = {Pudlák, Pavel},
	date = {2017},
}

@techreport{dose_np-completeness_2019,
	title = {{NP}-Completeness, Proof Systems, and Disjoint {NP}-Pairs},
	url = {https://eccc.weizmann.ac.il/report/2019/050/},
    institution = {Electronic Colloquium on Computational Complexity},
	number = {TR19-050},
	author = {Dose, Titus and Glaßer, Christian},
	date = {2019},
}

@article{beyersdorff_nondeterministic_2009,
	title = {Nondeterministic functions and the existence of optimal proof systems},
	volume = {410},
	doi = {10.1016/j.tcs.2009.05.021},
	pages = {3839--3855},
	number = {38},
	journaltitle = {Theoretical Computer Science},
	shortjournal = {Theoretical Computer Science},
	author = {Beyersdorff, Olaf and Köbler, Johannes and Messner, Jochen},
	date = {2009-09-06},
}

@article{kobler_optimal_2003,
	title = {Optimal proof systems imply complete sets for promise classes},
	volume = {184},
	doi = {10.1016/S0890-5401(03)00058-0},
	pages = {71--92},
	number = {1},
	journaltitle = {Information and Computation},
	shortjournal = {Information and Computation},
	author = {Köbler, Johannes and Messner, Jochen and Torán, Jacobo},
	date = {2003-07-10},
}

@article{dose_oracle_2020,
	title = {An oracle separating conjectures about incompleteness in the finite domain},
	volume = {809},
	doi = {10.1016/j.tcs.2020.01.003},
	pages = {466--481},
	journaltitle = {Theoretical Computer Science},
	shortjournal = {Theoretical Computer Science},
	author = {Dose, Titus},
	date = {2020-02-24},
}

@article{dose_further_2020,
	title = {Further oracles separating conjectures about incompleteness in the finite domain},
	volume = {847},
	doi = {10.1016/j.tcs.2020.09.040},
	pages = {76--94},
	journaltitle = {Theoretical Computer Science},
	shortjournal = {Theoretical Computer Science},
	author = {Dose, Titus},
	date = {2020-12-22},
}

@thesis{dose_balance_2020,
	title = {Balance Problems for Integer Circuits and Separations of Relativized Conjectures {onIncompleteness} in Promise Classes},
	type = {phdthesis},
	author = {Dose, Titus},
	date = {2020-07-23},
}

@thesis{egidy_grenzen_2021,
	title = {Grenzen optimaler Beweissysteme in relativierten Umgebungen},
	type = {phdthesis},
	author = {Egidy, Fabian},
	date = {2021},
	langid = {german},
}

@article{fenner_inverting_2003,
	title = {Inverting onto functions},
	volume = {186},
	doi = {10.1016/S0890-5401(03)00119-6},
	pages = {90--103},
	number = {1},
	journaltitle = {Information and Computation},
	shortjournal = {Information and Computation},
	author = {Fenner, Stephen A. and Fortnow, Lance and Naik, Ashish V. and Rogers, John D.},
	date = {2003-10},
	langid = {english},
}

@article{selman_taxonomy_1994,
	title = {A taxonomy of complexity classes of functions},
	volume = {48},
	doi = {10.1016/S0022-0000(05)80009-1},
	pages = {357--381},
	number = {2},
	journaltitle = {Journal of Computer and System Sciences},
	shortjournal = {Journal of Computer and System Sciences},
	author = {Selman, Alan L.},
	date = {1994-04},
	langid = {english},
}

@article{beyersdorff_there_2011,
	title = {Do there exist complete sets for promise classes?: Do there exist complete sets for promise classes?},
	volume = {57},
	doi = {10.1002/malq.201010021},
	shorttitle = {Do there exist complete sets for promise classes?},
	pages = {535--550},
	number = {6},
	journaltitle = {Mathematical Logic Quarterly},
	shortjournal = {Mathematical Logic Quarterly},
	author = {Beyersdorff, Olaf and Sadowski, Zenon},
	date = {2011-12},
	langid = {english},
}

@report{monroe_average-case_2022,
	title = {Average-Case Hardness of Proving Tautologies and Theorems},
	number = {{arXiv}:2205.07803},
	institution = {{arXiv}},
	author = {Monroe, Hunter},
	date = {2022-05-16},
	doi = {10.48550/arXiv.2205.07803},
	eprinttype = {arxiv},
	eprint = {2205.07803 [cs, math]},
}

@article{monroe_speedup_2011,
	title = {Speedup for natural problems and noncomputability},
	volume = {412},
	doi = {10.1016/j.tcs.2010.09.029},
	pages = {478--481},
	number = {4},
	journaltitle = {Theoretical Computer Science},
	shortjournal = {Theoretical Computer Science},
	author = {Monroe, Hunter},
	date = {2011-02-04},
	langid = {english},
}

@inproceedings{beyersdorff_deduction_2007,
	location = {Berlin, Heidelberg},
	title = {The Deduction Theorem for Strong Propositional Proof Systems},
	isbn = {978-3-540-77050-3},
	doi = {10.1007/978-3-540-77050-3_20},
	series = {Lecture Notes in Computer Science},
	pages = {241--252},
	booktitle = {{FSTTCS} 2007: Foundations of Software Technology and Theoretical Computer Science},
	publisher = {Springer},
	author = {Beyersdorff, Olaf},
	editor = {Arvind, V. and Prasad, Sanjiva},
	date = {2007},
	langid = {english},
}

@article{monroe_unifying_2021,
	title = {Unifying Conjectures on Complexity and Noncomputability},
	pages = {16},
	author = {Monroe, Hunter},
	date = {2021-12-25},
	langid = {english},
}

@thesis{messner_simulation_2001,
	title = {On the simulation order of proof systems},
	institution = {Universität Ulm},
	type = {phdthesis},
	author = {Messner, Jochen},
    url = {https://citeseerx.ist.psu.edu/pdf/bec3958d845653cfa73493258d3b550a17e8defd},
    addendum = {Archivierte Fassung des Originals},
	date = {2000},
}

@incollection{kari_total_2017,
	location = {Cham},
	title = {Total Nondeterministic Turing Machines and a p-optimal Proof System for {SAT}},
	volume = {10307},
	isbn = {978-3-319-58741-7},
	pages = {364--374},
	booktitle = {Unveiling Dynamics and Complexity},
	publisher = {Springer International Publishing},
	author = {Sadowski, Zenon},
	editor = {Kari, Jarkko and Manea, Florin and Petre, Ion},
	date = {2017},
	langid = {english},
	doi = {10.1007/978-3-319-58741-7_34},
	series = {Lecture Notes in Computer Science},
}

@inproceedings{kobler_is_2000,
	location = {Berlin, Heidelberg},
	title = {Is the Standard Proof System for {SAT} P-Optimal?},
	isbn = {978-3-540-44450-3},
	doi = {10.1007/3-540-44450-5_29},
	series = {Lecture Notes in Computer Science},
	pages = {361--372},
	booktitle = {{FST} {TCS} 2000: Foundations of Software Technology and Theoretical Computer Science},
	publisher = {Springer},
	author = {Köbler, Johannes and Messner, Jochen},
	editor = {Kapoor, Sanjiv and Prasad, Sanjiva},
	date = {2000},
	langid = {english},
}

@inproceedings{ehrmanntraut_oracle_2022,
	location = {Dagstuhl},
	title = {Oracle with P = {NP} $\cap$ {coNP}, but No Many-One Completeness in {UP}, {DisjNP}, and {DisjCoNP}},
	volume = {241},
	doi = {10.4230/LIPIcs.MFCS.2022.45},
	series = {Leibniz International Proceedings in Informatics ({LIPIcs})},
	pages = {45:1--45:15},
	booktitle = {47th International Symposium on Mathematical Foundations of Computer Science ({MFCS} 2022)},
	publisher = {Schloss Dagstuhl, Leibniz-Zentrum für Informatik},
	author = {Ehrmanntraut, Anton and Egidy, Fabian and Glaßer, Christian},
	editor = {Szeider, Stefan and Ganian, Robert and Silva, Alexandra},
	date = {2022-08},
}

@inproceedings{chen_p-optimal_2010,
	location = {Berlin, Heidelberg},
	title = {On p-Optimal Proof Systems and Logics for {PTIME}},
	isbn = {978-3-642-14162-1},
	doi = {10.1007/978-3-642-14162-1_27},
	series = {Lecture Notes in Computer Science},
	pages = {321--332},
	booktitle = {Automata, Languages and Programming},
	publisher = {Springer},
	author = {Chen, Yijia and Flum, Jörg},
	editor = {Abramsky, Samson and Gavoille, Cyril and Kirchner, Claude and Meyer auf der Heide, Friedhelm and Spirakis, Paul G.},
	date = {2010},
	langid = {english},
}

@article{khaniki_new_2022,
	title = {New Relations and Separations of Conjectures about Incompleteness in the Finite Domain},
	volume = {87},
	doi = {10.1017/jsl.2021.99},
	pages = {912--937},
	number = {3},
	journaltitle = {The Journal of Symbolic Logic},
	author = {Khaniki, Erfan},
	date = {2022-09},
	langid = {english},
}

@article{sadowski_optimal_2002,
	title = {On an optimal propositional proof system and the structure of easy subsets of {TAUT}},
	volume = {288},
	doi = {10.1016/S0304-3975(01)00155-4},
	series = {Complexity and Logic},
	pages = {181--193},
	number = {1},
	journaltitle = {Theoretical Computer Science},
	shortjournal = {Theoretical Computer Science},
	author = {Sadowski, Zenon},
	date = {2002-10-09},
	langid = {english},
}

@article{fortnow_separability_2002,
	title = {Separability and one-way functions},
	volume = {11},
	doi = {10.1007/s00037-002-0173-4},
	pages = {137--157},
	number = {3},
	journaltitle = {Computational Complexity},
	shortjournal = {Computational Complexity},
	author = {Fortnow, Lance and Rogers, John D.},
	date = {2002-06-01},
	langid = {english},
}

@techreport{agrawal_universal_1992,
	title = {Universal relations},
	author = {Agrawal, Manindra and Biswas, Somenath},
	date = {1992},
    institution = {Department of Computer Science and Engineering, Indian Institute of Technology Kanpur},
    location = {Kanpur, Indien},
    url = {http://repository.ias.ac.in/92033/},
    addendum = {Eine überarbeitete Fassung der Proceedings-Version \parencite*{agrawal_universal_1992_orig}}
}

@inproceedings{agrawal_universal_1992_orig,
	title = {Universal relations},
	doi = {10.1109/SCT.1992.215395},
	eventtitle = {Seventh Annual Structure in Complexity Theory Conference},
	pages = {207--220},
	booktitle = {Proceedings of the Seventh Annual Structure in Complexity Theory Conference},
	author = {Agrawal, Manindra and Biswas, Somenath},
	date = {1992-06},
}

@article{buhrman_functions_1998,
	title = {Functions Computable with Nonadaptive Queries to {NP}},
	volume = {31},
	doi = {10.1007/s002240000079},
	pages = {77--92},
	number = {1},
	journaltitle = {Theory of Computing Systems},
	shortjournal = {Theory Comput. Systems},
	author = {Buhrman, H. and Kadin, J. and Thierauf, T.},
	date = {1998-02-01},
	langid = {english},
}

@article{hemaspaandra_take-home_1998,
	title = {Complexity Theory Column 20: Take-home complexity},
	volume = {29},
	doi = {10.1145/288079.288080},
	pages = {9--13},
	number = {2},
	journaltitle = {{ACM} {SIGACT} News},
	shortjournal = {{SIGACT} News},
	author = {Hemaspaandra, Lane A.},
	date = {1998-06},
	langid = {english},
}

@incollection{wiedermann_witness-isomorphic_1995,
	location = {Berlin, Heidelberg},
	title = {Witness-isomorphic reductions and the local search problem},
	volume = {969},
	isbn = {978-3-540-60246-0},
	series = {Lecture Notes in Computer Science},
	pages = {277--287},
	booktitle = {Mathematical Foundations of Computer Science 1995},
	publisher = {Springer Berlin Heidelberg},
	author = {Fischer, Sophie and Hemaspaandra, Lane A. and Torenvliet, Leen},
	editor = {Wiedermann, Jiří and Hájek, Petr},
	date = {1995},
	langid = {english},
	doi = {10.1007/3-540-60246-1_134},
}

@thesis{dingel_separation_2022,
	title = {Separation der relativierten Vermutungen {SAT} und {TFNP}},
	institution = {Universität Würzburg},
	type = {Bachelorarbeit},
	author = {Dingel, David},
	date = {2022-10-22},
	langid = {german},
}

@article{cai_complexity_2020,
	title = {The Complexity of Counting Edge Colorings for Simple Graphs},
	author = {Cai, Jin-Yi and Govorov, Artem},
	date = {2021-10-08},
	pages = {24--24},
    volume = {889},
	journaltitle = {Theoretical Computer Science},
}

@article{rackoff_relativized_1982,
	title = {Relativized Questions Involving Probabilistic Algorithms},
	volume = {29},
	doi = {10.1145/322290.322306},
	pages = {261--268},
	number = {1},
	journaltitle = {Journal of the {ACM}},
	shortjournal = {J. {ACM}},
	author = {Rackoff, Charles},
	date = {1982-01},
	langid = {english},
}

@article{homer_oracles_1992,
	title = {Oracles for structural properties: The isomorphism problem and public-key cryptography},
	volume = {44},
	doi = {10.1016/0022-0000(92)90023-C},
	shorttitle = {Oracles for structural properties},
	pages = {287--301},
	number = {2},
	journaltitle = {Journal of Computer and System Sciences},
	shortjournal = {Journal of Computer and System Sciences},
	author = {Homer, Steven and Selman, Alan L.},
	date = {1992-04-01},
	langid = {english},
}

@article{kurtz_isomorphism_1995,
	title = {The isomorphism conjecture fails relative to a random oracle},
	volume = {42},
	doi = {10.1145/201019.201030},
	pages = {401--420},
	number = {2},
	journaltitle = {Journal of the {ACM}},
	shortjournal = {J. {ACM}},
	author = {Kurtz, Stuart A. and Mahaney, Stephen R. and Royer, James S.},
	date = {1995-03},
	langid = {english},
}

@inproceedings{blum_generic_1987,
	location = {Los Angeles},
	title = {Generic oracles and oracle classes},
	isbn = {978-0-8186-0807-0},
	doi = {10.1109/SFCS.1987.30},
	eventtitle = {28th Annual Symposium on Foundations of Computer Science},
	pages = {118--126},
	booktitle = {28th Annual Symposium on Foundations of Computer Science (sfcs 1987)},
	publisher = {{IEEE}},
	author = {Blum, Manuel and Impagliazzo, Russell},
	date = {1987-10},
	langid = {english},
}

@article{buhrman_does_2010,
	title = {Does the Polynomial Hierarchy Collapse if Onto Functions are Invertible?},
	volume = {46},
	doi = {10.1007/s00224-008-9160-8},
	pages = {143--156},
	number = {1},
	journaltitle = {Theory of Computing Systems},
	shortjournal = {Theory Comput Syst},
	author = {Buhrman, Harry and Fortnow, Lance and Koucký, Michal and Rogers, John D. and Vereshchagin, Nikolay},
	date = {2010-01-01},
	langid = {english},
}

@article{grollmann_complexity_1988,
	title = {Complexity Measures for Public-Key Cryptosystems},
	volume = {17},
	doi = {10.1137/0217018},
	pages = {309--335},
	number = {2},
	journaltitle = {{SIAM} Journal on Computing},
	shortjournal = {{SIAM} J. Comput.},
	author = {Grollmann, Joachim and Selman, Alan L.},
	date = {1988-04},
}

@article{fenner_oracle_2003,
	title = {An oracle builder’s toolkit},
	volume = {182},
	doi = {10.1016/S0890-5401(03)00018-X},
	pages = {95--136},
	number = {2},
	journaltitle = {Information and Computation},
	shortjournal = {Information and Computation},
	author = {Fenner, Stephen and Fortnow, Lance and Kurtz, Stuart A. and Li, Lide},
	date = {2003-05-01},
	langid = {english},
}

@article{fortnow_complexity_2011,
	title = {Complexity classes of equivalence problems revisited},
	volume = {209},
	doi = {10.1016/j.ic.2011.01.006},
	pages = {748--763},
	number = {4},
	journaltitle = {Information and Computation},
	shortjournal = {Information and Computation},
	author = {Fortnow, Lance and Grochow, Joshua A.},
	date = {2011-04-01},
	langid = {english},
}


@inproceedings{fenner_isomorphism_1992,
	title = {The isomorphism conjecture holds relative to an oracle},
	doi = {10.1109/SFCS.1992.267821},
	eventtitle = {Proceedings., 33rd Annual Symposium on Foundations of Computer Science},
	pages = {30--39},
	booktitle = {Proceedings., 33rd Annual Symposium on Foundations of Computer Science},
	author = {Fenner, S. and Fortnow, L. and Kurtz, S.A.},
	date = {1992-10},
}

@article{beame_relative_1998,
	title = {The Relative Complexity of {NP} Search Problems},
	volume = {57},
	doi = {10.1006/jcss.1998.1575},
	pages = {3--19},
	number = {1},
	journaltitle = {Journal of Computer and System Sciences},
	shortjournal = {Journal of Computer and System Sciences},
	author = {Beame, Paul and Cook, Stephen and Edmonds, Jeff and Impagliazzo, Russell and Pitassi, Toniann},
	date = {1998-08-01},
}

@inproceedings{fenner_inverting_1996,
	title = {Inverting onto functions},
	doi = {10.1109/CCC.1996.507683},
	eventtitle = {Proceedings of Computational Complexity (Formerly Structure in Complexity Theory)},
	pages = {213--222},
	booktitle = {Proceedings of Computational Complexity (Formerly Structure in Complexity Theory)},
	author = {Fenner, S.A. and Fortnow, L. and Naik, A.V. and Rogers, J.D.},
	date = {1996-05},
}

@inbook{cooper_isomorphism_2011,
	title = {The Isomorphism Conjecture for {NP}},
	isbn = {978-1-84816-277-8},
	pages = {19--48},
	booktitle = {Computability in Context},
	publisher = {{IMPERIAL} {COLLEGE} {PRESS}},
	author = {Agrawal, Manindra},
	bookauthor = {Cooper, S Barry and Sorbi, Andrea},
	date = {2011-02},
	langid = {english},
	doi = {10.1142/9781848162778_0002},
}

@inproceedings{hartmanis_isomorphisms_1976,
	location = {New York},
	title = {On isomorphisms and density of {NP} and other complete sets},
	isbn = {978-1-4503-7414-9},
	doi = {10.1145/800113.803628},
	series = {{STOC} '76},
	pages = {30--40},
	booktitle = {Proceedings of the eighth annual {ACM} symposium on Theory of computing},
	publisher = {Association for Computing Machinery},
	author = {Hartmanis, J. and Berman, L.},
	date = {1976-05-03},
}

@incollection{kurtz_structure_1990,
	location = {New York},
	title = {The Structure of Complete Degrees},
	isbn = {978-1-4612-4478-3},
	pages = {108--146},
	booktitle = {Complexity Theory Retrospective: In Honor of Juris Hartmanis on the Occasion of His Sixtieth Birthday, July 5, 1988},
	publisher = {Springer},
	author = {Kurtz, Stuart A. and Mahaney, Stephen R. and Royer, James S.},
	editor = {Selman, Alan L.},
	date = {1990},
	langid = {english},
	doi = {10.1007/978-1-4612-4478-3_7},
}

@article{berman_isomorphisms_1977,
	title = {On Isomorphisms and Density of {NP} and Other Complete Sets},
	volume = {6},
	doi = {10.1137/0206023},
	pages = {305--322},
	number = {2},
	journaltitle = {{SIAM} Journal on Computing},
	shortjournal = {{SIAM} J. Comput.},
	author = {Berman, L. and Hartmanis, J.},
	date = {1977-06},
}

@article{lynch_structure_1978,
	title = {On Structure Preserving Reductions},
	volume = {7},
	doi = {10.1137/0207010},
	pages = {119--126},
	number = {2},
	journaltitle = {{SIAM} Journal on Computing},
	shortjournal = {{SIAM} J. Comput.},
	author = {Lynch, Nancy and Lipton, Richard J.},
	date = {1978-05},
}

@article{chen_inverse_2008,
	title = {Inverse {NP} Problems},
	volume = {17},
	doi = {10.1007/s00037-008-0240-6},
	pages = {94--118},
	number = {1},
	journaltitle = {computational complexity},
	shortjournal = {comput. complex.},
	author = {Chen, Hubie},
	date = {2008-04},
	langid = {english},
}

@misc{chaudhary_universality_2004,
	title = {Universality for Nondeterministic Logspace},
	author = {Chaudhary, Vinay and Sinha, Anand Kumar and Biswas, Somenath},
	date = {2004},
	langid = {english},
}

@article{holyer_np-completeness_1981,
	title = {The {NP}-Completeness of Edge-Coloring},
	volume = {10},
	doi = {10.1137/0210055},
	pages = {718--720},
	number = {4},
	journaltitle = {{SIAM} Journal on Computing},
	shortjournal = {{SIAM} J. Comput.},
	author = {Holyer, Ian},
	date = {1981-11},
	langid = {english},
}

@article{fournier_universal_2008,
	title = {Universal relations and \#P-completeness},
	volume = {407},
	doi = {10.1016/j.tcs.2008.05.003},
	pages = {97--109},
	number = {1},
	journaltitle = {Theoretical Computer Science},
	shortjournal = {Theoretical Computer Science},
	author = {Fournier, Hervé and Malod, Guillaume},
	date = {2008-11},
	langid = {english},
}

@article{bellare_complexity_1994,
	title = {The Complexity of Decision Versus Search},
	volume = {23},
	doi = {10.1137/S0097539792228289},
	pages = {97--119},
	number = {1},
	journaltitle = {{SIAM} Journal on Computing},
	author = {Bellare, Mihir and Goldwasser, Shafi},
	date = {1994-02},
}

@article{lutz_cook_1996,
	title = {Cook versus Karp-Levin: Separating completeness notions if {NP} is not small},
	volume = {164},
	doi = {10.1016/0304-3975(95)00189-1},
	shorttitle = {Cook versus Karp-Levin},
	pages = {141--163},
	number = {1},
	journaltitle = {Theoretical Computer Science},
	shortjournal = {Theoretical Computer Science},
	author = {Lutz, Jack H. and Mayordomo, Elvira},
	date = {1996-09-10},
}

@book{rothe_komplexitatstheorie_2008,
	location = {Berlin},
	title = {Komplexitätstheorie und Kryptologie: eine Einführung in Kryptokomplexität},
	isbn = {978-3-540-79744-9},
	series = {{eXamen}.Press},
	shorttitle = {Komplexitätstheorie und Kryptologie},
	publisher = {Springer},
	author = {Rothe, Jörg},
	date = {2008},
	langid = {german},
}

@book{goldreich_computational_2008,
	location = {Cambridge},
	title = {Computational Complexity: a Conceptual Perspective},
	isbn = {978-0-521-88473-0},
	shorttitle = {Computational complexity},
	pagetotal = {606},
	publisher = {Cambridge University Press},
	author = {Goldreich, Oded},
	date = {2008},
}

@inproceedings{messner_optimal_1999,
	location = {Berlin, Heidelberg},
	title = {On Optimal Algorithms and Optimal Proof Systems},
	isbn = {978-3-540-49116-3},
	doi = {10.1007/3-540-49116-3_51},
	series = {Lecture Notes in Computer Science},
    volume = {1563},
	pages = {541--550},
	booktitle = {{STACS} 99},
	publisher = {Springer},
	author = {Messner, Jochen},
	editor = {Meinel, Christoph and Tison, Sophie},
	date = {1999},
	langid = {english},
}

@article{homan_one-way_2003,
	title = {One-way permutations and self-witnessing languages},
	volume = {67},
	doi = {10.1016/S0022-0000(03)00068-0},
	pages = {608--622},
	number = {3},
	journaltitle = {Journal of Computer and System Sciences},
	shortjournal = {Journal of Computer and System Sciences},
	author = {Homan, Christopher M. and Thakur, Mayur},
	date = {2003-11-01},
}

@book{papadimitriou_computational_1994,
	location = {Reading, Massachusets, {USA}},
	title = {Computational complexity},
	isbn = {978-0-201-53082-7},
	publisher = {Addison-Wesley},
	author = {Papadimitriou, Christos H.},
	date = {1994},
}

@article{valiant_relative_1976,
	title = {Relative complexity of checking and evaluating},
	volume = {5},
	doi = {10.1016/0020-0190(76)90097-1},
	pages = {20--23},
	number = {1},
	journaltitle = {Information Processing Letters},
	shortjournal = {Information Processing Letters},
	author = {Valiant, Leslie G.},
	date = {1976-05-01},
}


@article{megiddo_total_1991,
	title = {On total functions, existence theorems and computational complexity},
	volume = {81},
	doi = {10.1016/0304-3975(91)90200-L},
	pages = {317--324},
	number = {2},
	journaltitle = {Theoretical Computer Science},
	shortjournal = {Theoretical Computer Science},
	author = {Megiddo, Nimrod and Papadimitriou, Christos H.},
	date = {1991-04-30},
}

@book{welsh_complexity_1993,
    title = {Complexity: Knots, Colourings and Countings},
    author = {Dominic Welsh},
    date = {1993},
    isbn = {978-0-521-45740-8},
    location = {Cambridge},
    publisher = {Cambridge University Press}
}

@book{wechsung_vorlesungen_2000,
	location = {Wiesbaden},
	title = {Vorlesungen zur Komplexitätstheorie},
	volume = {32},
	isbn = {978-3-322-80024-4},
    doi = {10.1007/978-3-322-80024-4},
	series = {Teubner-Texte zur Informatik},
	publisher = {Vieweg+Teubner Verlag},
	author = {Wechsung, Gerd},
	date = {2000},
	doi = {10.1007/978-3-322-80024-4},
}

@article{cook_relative_1979,
	title = {The relative efficiency of propositional proof systems},
	volume = {44},
	issn = {0022-4812, 1943-5886},
	doi = {10.2307/2273702},
	pages = {36--50},
	number = {1},
	journaltitle = {The Journal of Symbolic Logic},
	author = {Cook, Stephen A. and Reckhow, Robert A.},
	date = {1979-03},
}


@article{baker_relativizations_1975,
	title = {Relativizations of the P=?{NP} Question},
	volume = {4},
	doi = {10.1137/0204037},
	pages = {431--442},
	number = {4},
	journaltitle = {{SIAM} Journal on Computing},
	author = {Baker, Theodore and Gill, John and Solovay, Robert},
	date = {1975-12},
}


@article{krajicek_propositional_1989,
	title = {Propositional proof systems, the consistency of first order theories and the complexity of computations},
	volume = {54},
	doi = {10.2307/2274765},
	pages = {1063--1079},
	number = {3},
	journaltitle = {Journal of Symbolic Logic},
	author = {Krajíček, Jan and Pudlák, Pavel},
	date = {1989-09},
	langid = {english},
}

@article{glaser_reductions_2005,
	title = {Reductions between disjoint {NP}-Pairs},
	volume = {200},
	issn = {0890-5401},
	doi = {10.1016/j.ic.2005.03.003},
	pages = {247--267},
	number = {2},
	journaltitle = {Information and Computation},
	shortjournal = {Information and Computation},
	author = {Glaßer, Christian and Selman, Alan L. and Sengupta, Samik},
	date = {2005-08-01},
}


@book{arora_computational_2009,
	location = {Cambridge},
	title = {Computational complexity: a modern approach},
	isbn = {978-0-521-42426-4},
	publisher = {Cambridge University Press},
	author = {Arora, Sanjeev and Barak, Boaz},
	date = {2009},
}


@article{agrawal_primes_2004,
	title = {{PRIMES} Is in P},
	volume = {160},
	pages = {781--793},
	number = {2},
	journaltitle = {Annals of Mathematics},
	author = {Agrawal, Manindra and Kayal, Neeraj and Saxena, Nitin},
	date = {2004},
    doi = {10.4007/annals.2004.160.781},
}

@misc{impagliazzo_1991,
    author = {Russel Impagliazzo and Mahdu Sudan},
    note = {Private Kommunikation. Nicht Publiziert. Berichtet von \cite{bellare_complexity_1994}, S. 102},
    date = {1991-05},
    relatedstring = {Berichtet von},
    pages = {Abschnitt 1.5.4}
}

@techreport{borodin_comments_1976,
    author = { Borodin, Allan B. and  Demers, Alan J. },
    title = {Some Comments on Functional Self-Reducibility and the NP Hierarchy},
    year = {1976},
    url = {https://hdl.handle.net/1813/6540},
    number = {76-284},
    institution = {Department of Computer Science, Cornell University},
    location = {Ithaca, New York, {USA}}
}

@techreport{simon_central_1975,
    author = {Janos Simon},
    title = {On Some Central Problems in Computational Complexity},
    year = {1975},
    url = {https://hdl.handle.net/1813/6975},
    number = {75-224},
    institution = {Department of Computer Science, Cornell University},
    location = {Ithaca, New York, {USA}}
}


@inproceedings{harsha_downward_2023,
	location = {Dagstuhl},
	title = {Downward Self-Reducibility in {TFNP}},
	volume = {251},
	doi = {10.4230/LIPIcs.ITCS.2023.67},
	series = {Leibniz International Proceedings in Informatics ({LIPIcs})},
	pages = {67:1--67:17},
	booktitle = {14th Innovations in Theoretical Computer Science Conference ({ITCS} 2023)},
	publisher = {Schloss Dagstuhl, Leibniz-Zentrum für Informatik},
	author = {Harsha, Prahladh and Mitropolsky, Daniel and Rosen, Alon},
	editor = {Tauman Kalai, Yael},
	date = {2023},
}
@article{balcazar_self_1989,
author = {Balcázar, José L.},
journal = {Revista Matemática de la Universidad Complutense de Madrid},
number = {2-3},
pages = {175-184},
title = {Self-reducibility structures and solutions of NP problems.},
url = {http://eudml.org/doc/43531},
volume = {2},
year = {1989},
}

@inproceedings{adleman_reducibility_1977,
author = {Adleman, Leonard and Manders, Kenneth},
title = {Reducibility, Randomness, and Intractibility (Abstract)},
year = {1977},
publisher = {Association for Computing Machinery},
address = {New York},
doi = {10.1145/800105.803405},
booktitle = {Proceedings of the Ninth Annual ACM Symposium on Theory of Computing ({STOC} '77)},
pages = {151-163},
location = {Boulder, Colorado, USA},
}

  

@article{selman_natural_1988,
	title = {Natural Self-Reducible Sets},
	volume = {17},
	doi = {10.1137/0217062},
	pages = {989--996},
	number = {5},
	journaltitle = {{SIAM} Journal on Computing},
	author = {Alan L. Selman},
	date = {1988-10},
}

@inbook{karp_reducibility_1972,
author="Karp, Richard M.",
editor="Miller, Raymond E.
and Thatcher, James W.
and Bohlinger, Jean D.",
title="Reducibility among Combinatorial Problems",
bookTitle="Complexity of Computer Computations",
year="1972",
publisher="Springer",
address="Boston, MA",
pages="85--103",
doi="10.1007/978-1-4684-2001-2_9",
}


@inproceedings{cook_complexity_1971,
author = {Cook, Stephen A.},
title = {The Complexity of Theorem-Proving Procedures},
year = {1971},
publisher = {Association for Computing Machinery},
address = {New York},
doi = {10.1145/800157.805047},
booktitle = {Proceedings of the Third Annual ACM Symposium on Theory of Computing ({STOC}'71)},
pages = {151–158},
location = {Shaker Heights, Ohio, USA},
}


@article{trakhtenbrot_survey_1984,
	title = {A Survey of Russian Approaches to Perebor (Brute-Force Searches) Algorithms},
	volume = {6},
	doi = {10.1109/MAHC.1984.10036},
	pages = {384--400},
	number = {4},
	journaltitle = {Annals of the History of Computing},
	author = {Trakhtenbrot, B.A.},
	date = {1984-10},
}

@Article{levin_universal_1973,
 Author = {Levin, Leonid A.},
 url = {https://www.mathnet.ru/ppi914},
 title = {{\cyrfont Универсальные задачи перебора} [\enquote{Universelle Suchprobleme}]},
 journaltitle = {{\cyrfont Проблемы Передачи Информации} [\enquote{Problemy Peredachi Informatsii}]},
 Volume = {9},
 Number = {3},
 Pages = {115--116},
 Year = {1973},
 langid = {russian},
 addendum = {Eine Übersetzung erscheint bei \textcite[S.~399--400]{trakhtenbrot_survey_1984}}
} 

@article{ko_helping_1987,
title = {On helping by robust oracle machines},
journal = {Theoretical Computer Science},
volume = {52},
number = {1},
pages = {15-36},
year = {1987},
doi = {10.1016/0304-3975(87)90078-8},
author = {Ker-I Ko},
}
@article{valiant_complexity_1979,
title = {The complexity of computing the permanent},
journal = {Theoretical Computer Science},
volume = {8},
number = {2},
pages = {189-201},
year = {1979},
doi = {10.1016/0304-3975(79)90044-6},
author = {Leslie G. Valiant},
}


@incollection{thomason_hamiltonian_1978,
	title = {Hamiltonian Cycles and Uniquely Edge Colourable Graphs},
	volume = {3},
	series = {Advances in Graph Theory},
	pages = {259--268},
	booktitle = {Annals of Discrete Mathematics},
	publisher = {Elsevier},
	author = {Thomason, A. G.},
	editor = {Bollobás, B.},
	date = {1978-01-01},
	doi = {10.1016/S0167-5060(08)70511-9},
}


@article{leven_np_1983,
	title = {{NP} completeness of finding the chromatic index of regular graphs},
	volume = {4},
	doi = {10.1016/0196-6774(83)90032-9},
	pages = {35--44},
	number = {1},
	journaltitle = {Journal of Algorithms},
	shortjournal = {Journal of Algorithms},
	author = {Leven, Daniel and Galil, Zvi},
	date = {1983-03-01},
}


@article{glaser_disjoint_2004,
	title = {Disjoint {NP}-Pairs},
	volume = {33},
	doi = {10.1137/S0097539703425848},
	pages = {1369--1416},
	number = {6},
	journaltitle = {{SIAM} Journal on Computing},
	author = {Glaßer, Christian and Selman, Alan L. and Sengupta, Samik and Zhang, Liyu},
	date = {2004-01},
}

@article{mahaney_sparse_1982,
	title = {Sparse complete sets for {NP}: Solution of a conjecture of Berman and Hartmanis},
	volume = {25},
	issn = {0022-0000},
	doi = {10.1016/0022-0000(82)90002-2},
	pages = {130--143},
	number = {2},
	journaltitle = {Journal of Computer and System Sciences},
	shortjournal = {Journal of Computer and System Sciences},
	author = {Mahaney, Stephen R.},
	date = {1982-10-01},
}



@book{kozen_automata_1997,
	location = {New York},
	title = {Automata and computability},
	isbn = {978-0-387-94907-9},
	publisher = {Springer},
	author = {Kozen, Dexter},
	date = {1997},
}

@techreport{buss_lectures_1996,
	title = {Lectures on Proof Theory},
	author = {Samuel R. Buss},
	date = {1996},
    institution = {School of Computer Science, McGill University},
    location = {Montreal, Kanada},
    url = {https://mathweb.ucsd.edu/~sbuss/ResearchWeb/Barbados95Notes/reporte.pdf},
    addendum = {Protokoll einer Reihe von Vorlesungen gehalten am Bellairs Research Institute, Holetown, Barbados im März 1995},
    editor = {Denis Thérien}
}



@article{razborov_provably_1994,
	title = {On provably disjoint {NP}-pairs},
	volume = {1},
	doi = {10.7146/brics.v1i36.21607},
	number = {36},
	journaltitle = {{BRICS} Report Series},
	author = {Razborov, Alexander A.},
	date = {1994-11-30},
}

@article{johnson_how_1988,
	title = {How easy is local search?},
	volume = {37},
	issn = {0022-0000},
	doi = {10.1016/0022-0000(88)90046-3},
	pages = {79--100},
	number = {1},
	journaltitle = {Journal of Computer and System Sciences},
	shortjournal = {Journal of Computer and System Sciences},
	author = {Johnson, David S. and Papadimitriou, Christos H. and Yannakakis, Mihalis},
	date = {1988-08-01},
}

@article{koucky_automata_2023,
	title = {Automata and Formal Languages: Shall we let them go?},
	volume = {140},
	url = {http://bulletin.eatcs.org/index.php/beatcs/article/view/759},
	number = {2},
	journaltitle = {Bulletin of {EATCS}},
	author = {Koucký, Michal},
	urldate = {2023-11-27},
	date = {2023-05-25},
}

@book{pudlak_logical_2013,
	location = {Heidelberg},
	title = {Logical Foundations of Mathematics and Computational Complexity},
	isbn = {978-3-319-00118-0},
	publisher = {Springer International Publishing},
	author = {Pudlák, Pavel},
	date = {2013},
	langid = {english},
}

@article{goldberg_towards_2018,
	title = {Towards a unified complexity theory of total functions},
	volume = {94},
	doi = {10.1016/j.jcss.2017.12.003},
	pages = {167--192},
	journaltitle = {Journal of Computer and System Sciences},
	author = {Goldberg, Paul W. and Papadimitriou, Christos H.},
	date = {2018-06-01},
}

@techreport{meyer_frequency_1979,
    author = {Albert R. Meyer and Michael S. Paterson},
    title = {Whith what frequency are apparently intractable problems difficult?},
    year = {1979},
    url = {https://hdl.handle.net/1721.1/148954},
    series = {Technical Memos},
    number = {126},
    institution = {Laboratory for Computer Science, MIT},
    location = {Cambridge, Massachusetts, {USA}}
}

@techreport{fortnow_separability_1993,
	location = {Chicago, Illinois, {USA}},
	title = {Separability and one-way functions},
	url = {https://newtraell.cs.uchicago.edu/research/publications/techreports/TR-93-14},
	number = {93-14},
	institution = {Department of Computer Science, University of Chicago},
	author = {Fortnow, Lance and Rogers, John D.},
	date = {1993-08-30},
}

@article{post_recursively_1944,
	title = {Recursively enumerable sets of positive integers and their decision problems},
	volume = {50},
	doi = {10.1090/S0002-9904-1944-08111-1},
	pages = {284--316},
	number = {5},
	journaltitle = {Bulletin of the American Mathematical Society},
	author = {Post, Emil L.},
	date = {1944},
}
